@manual{anleitung,
  author = {TU Dortmund},
  title = {Versuch 14: Tomographie mit Gamma-Strahlung},
  year = 2022
}

@book{techniques, 
  author = {W.R.Leo},
  title = {Techniques for Nuclear and particle physics experiments},
  subtitle       = {A How-to-approach}, 
  year = {1994},
  publisher      = {Springer Verlag},
}

@online{dichten,
url = {https://www.chemie.de/lexikon/},
urldate = {2022-05-13}, 
title = {chemie.de},
}

@online{massenbumms, 
url = {https://physics.nist.gov/PhysRefData/Xcom/html/xcom1.html}, 
urldate = {2022-05-13},
title = {National Institute of Standards and Technology},
}

@article{Saritha_2015,
	doi = {10.1088/1742-6596/662/1/012030},
	url = {https://doi.org/10.1088/1742-6596/662/1/012030},
	year = 2015,
	month = {dec},
	publisher = {{IOP} Publishing},
	volume = {662},
	pages = {012030},
	author = {B Saritha and A S Nageswara Rao},
	title = {A study on photon attenuation coefficients of different wood materials with different densities},
	journal = {Journal of Physics: Conference Series},
}


@online{LEIFI,
url = {https://www.leifiphysik.de/kern-teilchenphysik/radioaktivitaet-fortfuehrung/versuche/gammaspektrum-von-cs-137},
urldate = {2022-05-19}, 
title = {leifiphysik.de},
}
