@manual{anleitung,
  author = {TU Dortmund},
  title = {V64 - Moderne Interferometrie},
  year = 2022
}

@online{Brechungsindex,
  author = {chemie.de},
  title = {Brechzahl},
  url = {http://www.chemie.de/lexikon/Brechzahl.html},
  urldate = {2022-04-13}
}