@manual{anleitung,
  author = {TU Dortmund},
  title = {V70 Vakuumversuch},
  year = 2022,
}

@online{Pfeiffer, 
  url = {https://www.pfeiffer-vacuum.com/de/}, 
  urldate = {2022-06-23}, 
  title = {Einf√ºhrung in die Vakuumtechnik}, 
  author = {Pfeiffer Vakuum},
  }
@online{sorps, 
  url = {https://de.wikipedia.org/wiki/Sorption}, 
  urldate = {2022-06-23}, 
  title = {Sorption}, 
  author = {Wikipedia},
  }
  @online{turboBild, 
  url = {https://de.wikipedia.org/wiki/Turbomolekularpumpe}, 
  urldate = {2022-06-23}, 
  title = {Turbomolekularpumpe}, 
  author = {Wikipedia},
  }
