@manual{anleitung,
  author = {TU Dortmund},
  title = {V01 - Lebensdauer kosmischer Myonen},
  year = 2022
}

@book{kalonoski, 
  title = {Teilchendetektoren}, 
  author = {Hermann Kolanoski, Norbert Wermes}, 
  year = {2016}, 
  publisher = {Springer Spektrum Berlin, Heidelberg}, 
}

@book{leo,
  author         = {W.R. Leo},
  publisher      = {Springer Verlag},
  title          = {Techniques for nuclear and particle physics experiments},
  year           = {1994}
}

@book{wwalcher,
  author         = {W. Walcher},
  publisher      = {Teubner},
  title          = {Praktikum der Physik},
  year           = {2004}
}

@online{pdg, 
  url = {https://pdglive.lbl.gov/Viewer.action}, 
  urldate = {2022-07-03},
  title = {The Review of Particle Physics (2022)},
}